@misc{RedHatOnWIki,
  author = "{Wikipedia contributors}",
  title = "Red Hat Linux --- {Wikipedia}{,} The Free Encyclopedia",
  year = "2024",
  howpublished = "\url{
                  https://en.wikipedia.org/w/index.php?title=Red_Hat_Linux&oldid=1240829700
                  }",
  note = "[Online; accessed 27-October-2024]",
}


@misc{VarFolder,
  author = "{The Linux foundation}",
  title = "Chapter 5. The /var Hierarchy {Linux foundation}",
  howpublished = "\url{
                  https://refspecs.linuxfoundation.org/FHS_3.0/fhs/ch05.html }",
  note = "[Online; accessed 27-October-2024]",
}


@misc{Apache1.3Vulnerabilities,
  author = "{Apache Project}",
  title = "Apache HTTP Server 1.3 vulnerabilities",
  howpublished = "\url{
                  https://httpd.apache.org/security/vulnerabilities_13.html note}
                  ",
  note = "[Online; accessed 27-October-2024]",
} 

